@ARTICLE{exemple1,
   author = "Auteur1 et Auteur2",
   title = "Un article dans une revue",
   journal = "Nom de la revue",
   volume = "3",
   number = "10",
   year = "2011",
   month = jan,
   pages = "133-139"
}

@INPROCEEDINGS{exemple2,
   author = "Auteur3",
   title = "Un exemple d'article dans les actes d'une conférence",
   booktitle = "Actes de la conférence JRES2011",
   year = "2011",
   pages = "37-49",
   address = "Lyon",
   month = dec
}

@BOOK{exemple3,
   author = "Auteur4",
   title = "Les réseaux hauts débits",
   publisher = "Presse Académique",
   year = "2012",
}

@INPROCEEDINGS{exemple4,
   author = " Auteur5",
   title = "Un autre exemple d'article dans les actes en ligne d'une conférence",   booktitle = "Actes du congrès JRES2007",
   note = {\url{http://2007.jres.org/articles/123.pdf}},
   year = "2007",
   address = "Strasbourg",
   month = nov
}
